% zdroj na webe
@article{doi:10.1080/08839514.2019.1600301,
author = {Martin Cunneen and Martin Mullins and Finbarr Murphy},
title = {Autonomous Vehicles and Embedded Artificial Intelligence: The Challenges of Framing Machine Driving Decisions},
journal = {Applied Artificial Intelligence},
volume = {33},
number = {8},
pages = {706-731},
year  = {2019},
publisher = {Taylor and Francis},
doi = {10.1080/08839514.2019.1600301},
URL = { 
        https://doi.org/10.1080/08839514.2019.1600301
    
},
eprint = { 
        https://doi.org/10.1080/08839514.2019.1600301
    
}
}

@ARTICLE{7368032,
  author={Kato, Shinpei and Takeuchi, Eijiro and Ishiguro, Yoshio and Ninomiya, Yoshiki and Takeda, Kazuya and Hamada, Tsuyoshi},
  journal={IEEE Micro}, 
  title={An Open Approach to Autonomous Vehicles}, 
  year={2015},
  volume={35},
  number={6},
  pages={60-68},
  doi={10.1109/MM.2015.133}}

@Article{s19030648,
AUTHOR = {Rosique, Francisca and Navarro, Pedro J. and Fernández, Carlos and Padilla, Antonio},
TITLE = {A Systematic Review of Perception System and Simulators for Autonomous Vehicles Research},
JOURNAL = {Sensors},
VOLUME = {19},
YEAR = {2019},
NUMBER = {3},
ARTICLE-NUMBER = {648},
URL = {https://www.mdpi.com/1424-8220/19/3/648},
ISSN = {1424-8220},
DOI = {10.3390/s19030648}
}

@article{olmeda2011far,
  title={Far infrared pedestrian detection and tracking for night driving},
  author={Olmeda, Daniel and de la Escalera, Arturo and Armingol, Jos{\'e} Mar{\'\i}a},
  journal={Robotica},
  volume={29},
  number={4},
  pages={495--505},
  year={2011},
  publisher={Cambridge University Press}
}

@article{gade2014thermal,
  title={Thermal cameras and applications: a survey},
  author={Gade, Rikke and Moeslund, Thomas B},
  journal={Machine vision and applications},
  volume={25},
  number={1},
  pages={245--262},
  year={2014},
  publisher={Springer}
}

@book{asveld2009ethics,
  title={The ethics of technological risk},
  author={Asveld, Lotte and Roeser, Sabine},
  year={2009},
  publisher={Earthscan London}
}

@article{floridi2018ai4people,
  title={AI4People—An ethical framework for a good AI society: Opportunities, risks, principles, and recommendations},
  author={Floridi, Luciano and Cowls, Josh and Beltrametti, Monica and Chatila, Raja and Chazerand, Patrice and Dignum, Virginia and Luetge, Christoph and Madelin, Robert and Pagallo, Ugo and Rossi, Francesca and others},
  journal={Minds and machines},
  volume={28},
  number={4},
  pages={689--707},
  year={2018},
  publisher={Springer}
}

@article{gonzalez2016pedestrian,
  title={Pedestrian detection at day/night time with visible and FIR cameras: A comparison},
  author={Gonz{\'a}lez, Alejandro and Fang, Zhijie and Socarras, Yainuvis and Serrat, Joan and V{\'a}zquez, David and Xu, Jiaolong and L{\'o}pez, Antonio M},
  journal={Sensors},
  volume={16},
  number={6},
  pages={820},
  year={2016},
  publisher={MDPI}
}

@inproceedings{sun2011night,
  title={Night vision pedestrian detection using a forward-looking infrared camera},
  author={Sun, Hao and Wang, Cheng and Wang, Boliang},
  booktitle={2011 International Workshop on Multi-Platform/Multi-Sensor Remote Sensing and Mapping},
  pages={1--4},
  year={2011},
  organization={IEEE}
}

@inproceedings{john2015pedestrian,
  title={Pedestrian detection in thermal images using adaptive fuzzy C-means clustering and convolutional neural networks},
  author={John, Vijay and Mita, Seiichi and Liu, Zheng and Qi, Bin},
  booktitle={2015 14th IAPR International Conference on Machine Vision Applications (MVA)},
  pages={246--249},
  year={2015},
  organization={IEEE}
}

