% zdroj na webe
@misc{PLP-Framework,
	author = "Martiin Cunneeen, Martin Mullins ,Finbarr Murphy",
	title = "Autonomous Vehicles and Embedded Artificial Intelligence: The Challenges of 	Framing Machine Driving Decisions",
	howpublished = "\url{https://www.tandfonline.com/doi/full/10.1080/08839514.2019.1600301}",
}

@misc{PLP-Framework,
author = "Shinpei Kato,Eijiro Takeuchi,Yoshio Ishiguro,Yoshiki Ninomiya,Kazuya Takeda,Tsuyoshi Hamada",
title = "AN OPEN APPROACH TO AUTONOMOUS VEHICLES",
howpublished = "\url{https://ieeexplore.ieee.org/abstract/document/7368032}",
}
