% zdroj na webe
@misc{PLP-Framework,
	author = "Martiin Cunneeen, Martin Mullins ,Finbarr Murphy",
	title = "Autonomous Vehicles and Embedded Artificial Intelligence: The Challenges of 	Framing Machine Driving Decisions",
	howpublished = "\url{https://www.tandfonline.com/doi/full/10.1080/08839514.2019.1600301}",
}

