% ....názov súboru je: literatura.bib
% kniha
@book{Coplien:MPD,
	author = "James O. Coplien",
	title = "Multi-Paradigm Design for C++",
	publisher = "Addison-Wesley",
	year = 1999
}

% článok v časopise
@article{Czarnecki:Staged,
    author = "Krzysztof Czarnecki and Simon Helsen and Ulrich Eisenecker",
    title = "Staged Configuration Through Specialization and Multi-Level Configuration of Feature Models",
    journal = "Software Process: Improvement and Practice",
    volume = 10,
    issue = 2,
    year = "2005",
    pages = "143--169",
}

% článok v zborníku
@inproceedings{Czarnecki:Progress,
	author = "Krzysztof Czarnecki and Chang Hwan Peter Kim",
	title = "Cardinality-Based Feature Modeling and Constraints: A Progress Report",
	booktitle = "International Workshop on Software Factories, OOPSLA 2005",
	month = oct,
	year = "2005",
	address = "San Diego, USA",
}

% technická správa (nepublikovaná)
@techreport{Kang:FODA,
	author = "Kyo C. Kang and Sholom G. Cohen and James A. Hess and William E. Novak and A. Spencer Peterson",
	title = "Feature-Oriented Domain Analysis ({FODA}): A Feasibility Study",
	institution = "Software Engineering Institute, Carnegie Mellon University",
	address = "Pittsburgh, USA",
	month = nov,
	year = 1990,
	number = "CMU/SEI-90-TR-21",
}

% zdroj na webe
@misc{PLP-Framework,
	author = "Martiin Cunneeen, Martin Mullins ,Finbarr Murphy",
	title = "Autonomous Vehicles and Embedded Artificial Intelligence: The Challenges of 	Framing Machine Driving Decisions",
	howpublished = "\url{https://www.tandfonline.com/doi/full/10.1080/08839514.2019.1600301}",
}

@misc{PLP-Framework,
	author = "Shinpei Kato,Eijiro Takeuchi,Yoshio Ishiguro,Yoshiki Ninomiya,Kazuya Takeda,Tsuyoshi Hamada",
	title = "AN OPEN APPROACH TO AUTONOMOUS VEHICLES",
	howpublished = "\url{https://ieeexplore.ieee.org/abstract/document/7368032}",
}